@inproceedings{simons1978fast,
  title={A fast algorithm for single processor scheduling},
  author={Simons, Barbara},
  booktitle={Foundations of Computer Science, 1978., 19th Annual Symposium on},
  pages={246--252},
  year={1978},
  organization={IEEE}
}

@article{borndorfer1998frequency,
  title={Frequency assignment in cellular phone networks},
  author={Bornd{\"o}rfer, Ralf and Eisenbl{\"a}tter, Andreas and Gr{\"o}tschel, Martin and Martin, Alexander},
  journal={Annals of Operations Research},
  volume={76},
  pages={73--93},
  year={1998},
  publisher={Springer}
}

@incollection{zhu2006recent,
  title={Recent developments in circular colouring of graphs},
  author={Zhu, Xuding},
  booktitle={Topics in discrete mathematics},
  pages={497--550},
  year={2006},
  publisher={Springer}
}

@article{zhou2013multiple,
  title={Multiple Circular Colouring as a Model for Scheduling},
  author={Zhou, Bing},
  year={2013},
  publisher={Scientific Research Publishing}
}

@article{zhu2001circular,
  title={Circular chromatic number: a survey},
  author={Zhu, Xuding},
  journal={Discrete mathematics},
  volume={229},
  number={1},
  pages={371--410},
  year={2001},
  publisher={Elsevier}
}

@article{erlebach2001complexity,
  title={The complexity of path coloring and call scheduling},
  author={Erlebach, Thomas and Jansen, Klaus},
  journal={Theoretical Computer Science},
  volume={255},
  number={1},
  pages={33--50},
  year={2001},
  publisher={Elsevier}
}

@article{diestel2005graph,
  title={Graph theory. 2005},
  author={Diestel, Reinhard},
  journal={Grad. Texts in Math},
  volume={101},
  year={2005}
}

@inproceedings{cole1996benefit,
  title={On the benefit of supporting virtual channels in wormhole routers},
  author={Cole, Richard J and Maggs, Bruce M and Sitaraman, Ramesh K},
  booktitle={Proceedings of the eighth annual ACM symposium on Parallel algorithms and architectures},
  pages={131--141},
  year={1996},
  organization={ACM}
}
@article{mobile2011c,
  title={C-RAN: the road towards green RAN},
  author={Mobile, China},
  journal={White Paper, ver},
  volume={2},
  year={2011}
}


