
@article{dominique2018deterministic,
  title={Deterministic Scheduling of Periodic Messages for Cloud RAN},
  author={Dominique, Barth and Ma{\"e}l, Guiraud and Yann, Strozecki},
  journal={arXiv preprint arXiv:1801.07029},
  year={2018}
}

@article{ngreenarchitecture,
  title={Network Energy: Problematic and solutions towards sustainable ICT},
  author={D. Chiaroni, Invited speaker},
  journal={International Commission of Optics (ICO 24)},
  year={2018},
  month={August},
  address={Tokyo}
}

@book{bouguen2012lte,
  title={LTE et les r{\'e}seaux {4G}},
  author={Bouguen, Yannick and Hardouin, Eric and Maloberti, Alain and Wolff, Fran{\c{c}}ois-Xavier},
  year={2012},
  publisher={Editions Eyrolles}
}

@manual{3gpp5g,
    organization  = "3GPP",
    title         = "3rd Generation Partnership Project;
Technical Specification Group Services and System Aspects;
Service requirements for the 5G system;",
    note          = "Stage 1
(Release 16) "
}